<record><leader>00000cas a22000007a 4500</leader><controlfield tag="001">13786571</controlfield><controlfield tag="008">860627d19051905njuuu ne      0    0eng d</controlfield><datafield ind1=" " ind2=" " tag="010"><subfield code="a">sn 85035926 </subfield></datafield><datafield ind1=" " ind2=" " tag="040"><subfield code="a">NPA</subfield><subfield code="b">eng</subfield><subfield code="c">NPA</subfield><subfield code="d">OCLCQ</subfield></datafield><datafield ind1=" " ind2=" " tag="042"><subfield code="a">msc</subfield></datafield><datafield ind1="0" ind2=" " tag="130"><subfield code="a">Middlesex Republican (New Brunswick, N.J. : 1905)</subfield></datafield><datafield ind1="1" ind2="4" tag="245"><subfield code="a">The Middlesex Republican.</subfield></datafield><datafield ind1=" " ind2=" " tag="260"><subfield code="a">New Brunswick, N.J. :</subfield><subfield code="b">[s.n.],</subfield><subfield code="c">1905.</subfield></datafield><datafield ind1=" " ind2=" " tag="300"><subfield code="a">v. :</subfield><subfield code="b">ill. ;</subfield><subfield code="c">56 cm.</subfield></datafield><datafield ind1="0" ind2=" " tag="362"><subfield code="a">Vol. 1, no. 1 (Nov. 4, 1905).</subfield></datafield><datafield ind1=" " ind2=" " tag="500"><subfield code="a">"Published in the interests of good government."</subfield></datafield><datafield ind1=" " ind2=" " tag="500"><subfield code="a">Single issue newspaper.</subfield></datafield><datafield ind1=" " ind2=" " tag="752"><subfield code="a">United States</subfield><subfield code="b">New Jersey</subfield><subfield code="c">Middlesex</subfield><subfield code="d">New Brunswick.</subfield></datafield></record>